<?xml version='1.0' encoding='utf-8'?>
<record xmlns="http://www.loc.gov/MARC21/slim" xmlns:xsi="http://www.w3.org/2001/XMLSchema-instance">
  <leader>00000ngm^a2200589^a^4500</leader>
  <controlfield tag="001">009771368</controlfield>
  <controlfield tag="005">20110524100904.0</controlfield>
  <controlfield tag="007">vd^cvaizk</controlfield>
  <controlfield tag="008">080123s2007^^^^pau086^e^^^^^^^^^^vleng^d</controlfield>
  <datafield tag="024" ind1="1" ind2=" ">
    <subfield code="a">022891461395</subfield>
  </datafield>
  <datafield tag="024" ind1="1" ind2=" ">
    <subfield code="a">00022891461395</subfield>
  </datafield>
  <datafield tag="028" ind1="4" ind2="2">
    <subfield code="a">MVDV4613</subfield>
    <subfield code="b">MVD</subfield>
  </datafield>
  <datafield tag="035" ind1=" " ind2=" ">
    <subfield code="a">(OCoLC)191079433</subfield>
  </datafield>
  <datafield tag="035" ind1=" " ind2=" ">
    <subfield code="a">(OCoLC)ocn191079433</subfield>
  </datafield>
  <datafield tag="040" ind1=" " ind2=" ">
    <subfield code="a">KCK</subfield>
    <subfield code="c">KCK</subfield>
    <subfield code="d">BTCTA</subfield>
    <subfield code="d">MiU-H</subfield>
  </datafield>
  <datafield tag="043" ind1=" " ind2=" ">
    <subfield code="a">n-us-mi</subfield>
  </datafield>
  <datafield tag="050" ind1="1" ind2="4">
    <subfield code="a">E840.8.S55</subfield>
    <subfield code="b">T94 2007</subfield>
  </datafield>
  <datafield tag="082" ind1="1" ind2="4">
    <subfield code="a">324.092</subfield>
    <subfield code="a">B</subfield>
    <subfield code="2">22</subfield>
  </datafield>
  <datafield tag="082" ind1="0" ind2="4">
    <subfield code="a">324.4092</subfield>
  </datafield>
  <datafield tag="245" ind1="0" ind2="0">
    <subfield code="a">Twenty to life</subfield>
    <subfield code="h">[videorecording] :</subfield>
    <subfield code="b">the life &amp; times of John Sinclair /</subfield>
    <subfield code="c">a Musicus Production with Big Chief Productions ; MVD Music Video Distributors ; Big Pictures Entertainment ; produced and directed by Steve Gebhardt ; co-producer, John Sinclair ; editor, Tom Hayes ; executive producer, Robert A. Johnson.</subfield>
  </datafield>
  <datafield tag="246" ind1="1" ind2=" ">
    <subfield code="i">Title on container:</subfield>
    <subfield code="a">20 to life :</subfield>
    <subfield code="b">the life and times of John Sinclair</subfield>
  </datafield>
  <datafield tag="246" ind1="3" ind2=" ">
    <subfield code="a">20 to life :</subfield>
    <subfield code="b">the life &amp; times of John Sinclair</subfield>
  </datafield>
  <datafield tag="246" ind1="3" ind2="0">
    <subfield code="a">Life &amp; times of John Sinclair</subfield>
  </datafield>
  <datafield tag="260" ind1=" " ind2=" ">
    <subfield code="a">Oaks, PA :</subfield>
    <subfield code="b">MVDvisual,</subfield>
    <subfield code="c">c2007.</subfield>
  </datafield>
  <datafield tag="300" ind1=" " ind2=" ">
    <subfield code="a">1 videodisc (ca. 86 min.) :</subfield>
    <subfield code="b">sd., col. ;</subfield>
    <subfield code="c">4 3/4 in.</subfield>
  </datafield>
  <datafield tag="306" ind1=" " ind2=" ">
    <subfield code="a">012600</subfield>
  </datafield>
  <datafield tag="538" ind1=" " ind2=" ">
    <subfield code="a">DVD, region 0 ; Dolby Digital 5.1 surround.</subfield>
  </datafield>
  <datafield tag="500" ind1=" " ind2=" ">
    <subfield code="a">Title from opening credits screen.</subfield>
  </datafield>
  <datafield tag="511" ind1="1" ind2=" ">
    <subfield code="a">John Sinclair, et al.</subfield>
  </datafield>
  <datafield tag="508" ind1=" " ind2=" ">
    <subfield code="a">Camera, Tom Hayes, Steve Gebhardt...[et al.] ; editorial, Tom Hayes...[et al.] ; recording producer, Andre Williams ; graphics, Tom Hayes...[et al.] ; archival footage, Leni Sinclair, Yoko Ono...[et al.] ; musicians, Ed Moss...[et al.] ; music, John Sinclair, MC5, John Lennon, Sun Ra, Rebirth Brass Band...[et al.].</subfield>
  </datafield>
  <datafield tag="505" ind1="0" ind2=" ">
    <subfield code="a">Prologue -- The Delta sound -- My parents were both from rural Michigan -- I moved to Detroit in 1964 -- Trans Love Energies evolves -- I was one of 56 people arrested -- Crossroads -- So Detroit blew up -- I was attracted to a sign on the Detroit Freeway -- John Sinclair is a felony -- 1968 Democratic Convention in Chicago -- Kick out the jams -- Trial in July 1969 -- John Sinclair freedom rally -- Back in Ann Arbor -- 1977 Detroit -- 1992 New Orleans -- Peavine special -- WWOZ Big Chief -- We just change the beat -- Amsterdam -- Ain't nobody's bizness.</subfield>
  </datafield>
  <datafield tag="520" ind1=" " ind2=" ">
    <subfield code="a">"Poet, performing artist and bandleader, journalist, broadcaster, record producer, educator and archivist, John Sinclair first emerged out of his small-town Michigan background to forge a legendary course through the 1960s as a cultural activist, founder of the Detroit Artists Workshop, manager of the MC5, and Chairman of the White Panther Party. An early victim of the War on Drugs who faced 20 years to life in prison for giving two joints to an undercover policewoman, Sinclair mounted an historic challenge to the constitutionality of Michigan's marijuana laws. 20 to Life is the real-life story of this legendary poet-provocateur and American cultural warrior whose exploits have reverberated throughout the international underground for 40 years. The story is told by Sinclair, his family, friends and associates through the years and highlighted by a series of electrifying poetry performances by Sinclair's contemporary blues and jazz ensembles"--Container.</subfield>
  </datafield>
  <datafield tag="500" ind1=" " ind2=" ">
    <subfield code="a">Special features: chapter index, bonus poems by John Sinclair.</subfield>
  </datafield>
  <datafield tag="500" ind1=" " ind2=" ">
    <subfield code="a">"MDV4613"--disc and back of container.</subfield>
  </datafield>
  <datafield tag="600" ind1="1" ind2="0">
    <subfield code="a">Sinclair, John,</subfield>
    <subfield code="d">1941-</subfield>
  </datafield>
  <datafield tag="650" ind1=" " ind2="0">
    <subfield code="a">Political activists</subfield>
    <subfield code="z">Michigan.</subfield>
  </datafield>
  <datafield tag="650" ind1=" " ind2="0">
    <subfield code="a">Narcotic laws</subfield>
    <subfield code="z">Michigan.</subfield>
  </datafield>
  <datafield tag="650" ind1=" " ind2="0">
    <subfield code="a">Musicians</subfield>
    <subfield code="z">Michigan.</subfield>
  </datafield>
  <datafield tag="650" ind1=" " ind2="0">
    <subfield code="a">Poets</subfield>
    <subfield code="z">Michigan.</subfield>
  </datafield>
  <datafield tag="655" ind1=" " ind2="0">
    <subfield code="a">Biographical films.</subfield>
  </datafield>
  <datafield tag="655" ind1=" " ind2="0">
    <subfield code="a">Historical flms.</subfield>
  </datafield>
  <datafield tag="655" ind1=" " ind2="0">
    <subfield code="a">Documentary films.</subfield>
  </datafield>
  <datafield tag="655" ind1=" " ind2="0">
    <subfield code="a">Nonfiction films.</subfield>
  </datafield>
  <datafield tag="655" ind1=" " ind2="0">
    <subfield code="a">Feature films.</subfield>
  </datafield>
  <datafield tag="700" ind1="1" ind2=" ">
    <subfield code="a">Sinclair, John,</subfield>
    <subfield code="d">1941-</subfield>
  </datafield>
  <datafield tag="700" ind1="1" ind2=" ">
    <subfield code="a">Gebhardt, Steve.</subfield>
  </datafield>
  <datafield tag="700" ind1="1" ind2=" ">
    <subfield code="a">Hayes, Tom.</subfield>
  </datafield>
  <datafield tag="700" ind1="1" ind2=" ">
    <subfield code="a">Lennon, John,</subfield>
    <subfield code="d">1940-1980.</subfield>
  </datafield>
  <datafield tag="710" ind1="2" ind2=" ">
    <subfield code="a">MC5 (Musical group)</subfield>
  </datafield>
  <datafield tag="710" ind1="2" ind2=" ">
    <subfield code="a">MVD Visual (Firm)</subfield>
  </datafield>
  <datafield tag="710" ind1="2" ind2=" ">
    <subfield code="a">Musicus (Firm)</subfield>
  </datafield>
  <datafield tag="710" ind1="2" ind2=" ">
    <subfield code="a">Big Chief Productions (Firm)</subfield>
  </datafield>
  <datafield tag="710" ind1="2" ind2=" ">
    <subfield code="a">Big Picture Entertainment (Firm)</subfield>
  </datafield>
  <datafield tag="852" ind1="8" ind2=" ">
    <subfield code="a">MiU-H</subfield>
    <subfield code="b">BENT</subfield>
    <subfield code="h">2011060 Aa 2</subfield>
  </datafield>
  <datafield tag="997" ind1=" " ind2=" ">
    <subfield code="a">MARS</subfield>
  </datafield>
  <datafield tag="SID" ind1=" " ind2=" ">
    <subfield code="a">Z39</subfield>
    <subfield code="b">OCLC_BIB</subfield>
  </datafield>
  <datafield tag="955" ind1=" " ind2=" ">
    <subfield code="b">BENT</subfield>
    <subfield code="p">B4597240</subfield>
  </datafield>
</record>
